% This file was created with JabRef 2.5.
% Encoding: UTF-8

@article{廖湘科2016新型高性能计算系统与技术,
  title={新型高性能计算系统与技术},
  author={廖湘科 and 肖侬},
  journal={中国科学:信息科学},
  volume={46},
  number={9},
  pages={1175},
  year={2016},
}
@article{Taihulight,
  title={The Sunway Taihu Light supercomputer:system and applications},
  author={Haohuan, F. U. and Liao, Junfeng and Yang, Jinzhe and Wang, Lanning and Song, Zhenya and Huang, Xiaomeng and Yang, Chao and Xue, Wei and Liu, Fangfang and Qiao, Fangli},
  journal={Science China Information Sciences},
  volume={59},
  number={7},
  pages={072001},
  year={2016},
}



@Misc{top500,
howpublished = {\url{https://www.top500.org}},
title = {TOP 500 The List},
author={Top 500},
note={Nov.2017}
}


@Misc{crayxc50,
howpublished = {\url{https://www.cray.com/products/computing/xc-series}},
title = {CRAY XC SERIES SUPERCOMPUTERS},
author={Cray},
note={2017}
}




@Misc{primehpcfx10,
howpublished = {\url{http://www.fujitsu.com/global/products/computing/servers/supercomputer/primehpc-fx10/}},
title = {FUJITSU Supercomputer PRIMEHPC FX10},
author={FUJITSU},
note={2017}
}

@misc{road200G,
	howpublished = {http://www.nextplatform.com},
    title = {The Road To 200G Networks Starts With The Transceiver},
    Author={Timothy Prickett Morgan},
}

@Article{Liao2015,
author="Liao, Xiang-Ke
and Pang, Zheng-Bin
and Wang, Ke-Fei
and Lu, Yu-Tong
and Xie, Min
and Xia, Jun
and Dong, De-Zun
and Suo, Guang",
title="High Performance Interconnect Network for Tianhe System",
journal="Journal of Computer Science and Technology",
year="2015",
month="Mar",
day="01",
volume="30",
number="2",
pages="259--272"
}
@inproceedings{dragonfly,
	Author = {Kim, John and Dally, William J. and et al.},
	Booktitle = { Proceedings of International Symposium on Computer Architecture },
	Pages = {77-88},
    Year = {2008},
	Title = {Technology-Driven, Highly-Scalable Dragonfly Topology}}

@inproceedings{skywalk,
	Author = {Fujiwara, Ikki and Koibuchi, Michihiro and et al.},
	Booktitle = {Proceedings of International Parallel and Distributed Processing Symposium },
    Year = {2014},
	Date-Added = {2015-12-18 20:23:04 +0000},
    pages={263-272},
	Title = {Skywalk: a Topology for HPC Networks with Low-delay Switc}}


@ARTICLE{tofu,
 author={Y. Ajima and T. Inoue and S. Hiramoto and Y. Takagi and T. Shimizu},
 journal={IEEE Micro},
 title={The Tofu Interconnect},
 year={2012},
 volume={32},
 number={1},
 pages={21-31},
 keywords={computer network management;mesh generation;telecommunication network routing;telecommunication network topology;3D torus graph;6D mesh/torus topology;Tofu barrier interface;Tofu interconnect architecture;Tofu network interface;Tofu network router;multiple topology-aware applications;Aerospace electronics;Benchmark testing;Protocols;Registers;Routing;Three dimensional displays;Throughput;6D mesh/torus;Tofu;high-performance computing;interconnect;topology},
 doi={10.1109/MM.2011.98},
 ISSN={0272-1732},
 month={Jan},}

@INPROCEEDINGS{tofu2,
 author={Y. Ajima and T. Inoue and S. Hiramoto and S. Ando and M. Maeda and T. Yoshikawa and K. Hosoe and T. Shimizu},
 booktitle={2014 IEEE 22nd Annual Symposium on High-Performance Interconnects},
 title={The Tofu Interconnect 2},
 year={2014},
 volume={},
 number={},
 pages={57-62},
 keywords={mainframes;optical transceivers;parallel machines;FUJITSU supercomputer PRIME HPC FX10;Tofu interconnect 2;bit rate 25 Gbit/s;byte rate 11.46 GByte/s;byte rate 45.82 GByte/s;one-way communication;optical transceivers;physical transport medium;successor model;system interconnect;Data transfer;Integrated optics;Optical interconnections;Optical switches;Throughput;Transceivers;atomic operation;cache injection;high-performance computing;interconnect;mutual atomicity;non-blocking collective communication;system-on-chip},
 doi={10.1109/HOTI.2014.21},
 ISSN={1550-4794},
 month={Aug},}

 @book{duato2002interconnection,
  title={Interconnection Networks},
  author={Duato, J. and Yalamanchili, S. and Ni, L.},
  isbn={9780080508993},
  series={The Morgan Kaufmann Series in Computer Architecture and Design},
  url={https://books.google.ru/books?id=EPKub\_JCExEC},
  year={2002},
  publisher={Elsevier Science}
}



@inproceedings{hyperx,
	Author = {Ahn, Jung Ho and Binkert, Nathan and et al.},
	Booktitle = {Proceedings of International Conference for High Performance Computing, Networking, Storage, and Analysis },
	Pages = {41:1--41:11},
	Title = {HyperX: Topology, Routing, and Packaging of Efficient Large-scale Networks},
	Year = {2009}}


@ARTICLE{fattree,
 author={Leiserson, Charles E.},
 journal={IEEE Transactions on Computers},
 title={Fat-trees: Universal networks for hardware-efficient supercomputing},
 year={1985},
 volume={C-34},
 number={10},
 pages={892-901}}


@inproceedings{diameter2,
 author = {Kathareios, Georgios and Minkenberg, Cyriel and et al.},
 title = {Cost-effective Diameter-two Topologies: Analysis and Evaluation},
 booktitle = {Proceedings of the International Conference for High Performance Computing, Networking, Storage and Analysis},
 series = {SC '15},
 year = {2015},
 isbn = {978-1-4503-3723-6},
 location = {Austin, Texas},
 pages = {36:1--36:11}
}

@article{Geometric,
  title={Geometric Realisation of the Graphs of McKay\- Miller\- Siran},
  author={Hafner, Paul R.},
  journal={Journal of Combinatorial Theory},
  volume={90},
  number={2},
  pages={223-232},
  year={2004},
}

@misc{wiki,
	Author = {https://en.wikipedia.org/wiki/Isomorphism},
}

@article{NLG,
title = "A Note on Large Graphs of Diameter Two and Given Maximum Degree ",
journal = "Journal of Combinatorial Theory",
volume = "74",
number = "1",
pages = "110 - 118",
year = "1998",
note = "",
issn = "0095-8956",
author = "Brendan D McKay and Mirka Miller and Jozef Siran"
}

@inproceedings{Jellyfish,
	Author = {Ankit, Singla and Chi-Yao, Hong and et al.},
	Booktitle = {Proceedings of Symposium on Network System Design and Implementation },
	Date-Added = {2015-12-18 20:04:21 +0000},
	Date-Modified = {2015-12-18 20:04:21 +0000},
	Pages = {225--238},
	Title = {Jellyfish: Networking Data Centers Randomly},
	Year = {2012}}

@inproceedings{layoutrandom,
 author = {Koibuchi, Michihiro and Fujiwara, Ikki and Matsutani, Hiroki and Casanova, Henri},
 title = {Layout-conscious Random Topologies for HPC Off-chip Interconnects},
 booktitle = {Proceedings of the 2013 IEEE 19th International Symposium on High Performance Computer Architecture (HPCA)},
 series = {HPCA '13},
 year = {2013},
 isbn = {978-1-4673-5585-8},
 pages = {484--495},
 numpages = {12},
 acmid = {2495514},
 publisher = {IEEE Computer Society},
 address = {Washington, DC, USA},
 keywords = {high-performance computing,Network topologies,cabinet layout,interconnection networks},
}


@misc{colf,
howpublished = {\url {http://www.colfaxdirect.com}},
}

@misc{mella,
howpublished = {\url {http://www.mellanoxstore.com}},
}


@INPROCEEDINGS{acaserandom,
 author={M. Koibuchi and H. Matsutani and H. Amano and D. F. Hsu and H. Casanova},
 booktitle={2012 39th Annual International Symposium on Computer Architecture (ISCA)},
 title={A case for random shortcut topologies for HPC interconnects},
 year={2012},
 volume={},
 number={},
 pages={177-188},
 keywords={discrete event simulation;graph theory;multiprocessor interconnection networks;parallel machines;HPC interconnects;communication latencies;flit-level discrete event simulation;graph analysis;high performance computing;high-radix switches;parallel applications;random shortcut topologies;Fault tolerance;Fault tolerant systems;Hypercubes;Network topology;Optical switches;Routing;Topology;Topology;diameter;high performance computing;high-radix switches;interconnection networks},
 doi={10.1109/ISCA.2012.6237016},
 ISSN={1063-6897},
 month={June},}

@INPROCEEDINGS{fsorandom,
author={I. Fujiwara and M. Koibuchi and T. Ozaki and H. Matsutani and H. Casanova},
booktitle={2015 IEEE 21st International Symposium on High Performance Computer Architecture (HPCA)},
title={Augmenting low-latency HPC network with free-space optical links},
year={2015},
volume={},
number={},
pages={390-401},
keywords={network topology;optical links;parallel processing;power aware computing;FSO;HPC network;free-space optical links;high performance computing clusters;line-of-sight communication;multiple k-ary n-cube;network topologies;power-aware on-off link regulation techniques;system deployment time;Laser beams;Layout;Mirrors;Network topology;Optical switches;Power demand;Topology},
doi={10.1109/HPCA.2015.7056049},
ISSN={1530-0897},
month={Feb},}

@INPROCEEDINGS{cascade,
 author={Faanes, G. and Bataineh, A. and Roweth, D. and Court, T. and Froese, E. and Alverson, B. and Johnson, T. and Kopnick, J. and Higgins, M. and Reinhard, J.},
 booktitle={High Performance Computing, Networking, Storage and Analysis (SC), 2012 International Conference for},
 title={Cray Cascade: A scalable HPC system based on a Dragonfly network},
 year={2012},
 month={Nov},
 pages={1-9},
 keywords={Cray computers;distributed memory systems;network routing;network topology;parallel processing;Cray Cascade system;Dragonfly network topology;HPC system;adaptive routing algorithms;distributed memory system;global address space programming models;global bandwidth requirement;high performance computing systems;Bandwidth;Blades;Optical fiber communication;Program processors;Routing;Tiles;Interconnect technologies;parallel and scalable system architectures;performance evaluation and measurement of real systems},
 doi={10.1109/SC.2012.39},
 ISSN={2167-4329},}

 @ARTICLE{percs,
 author={R. Rajamony and L. B. Arimilli and K. Gildea},
 journal={IBM Journal of Research and Development},
 title={PERCS: The IBM POWER7-IH high-performance computing system},
 year={2011},
 volume={55},
 number={3},
 pages={3:1-3:12},
 keywords={Hardware;High performance computing;Logic gates;Optical switches;Topology},
 doi={10.1147/JRD.2011.2109230},
 ISSN={0018-8646},
 month={May},}

 @inproceedings{slimfly,
 author = {Besta, Maciej and Hoefler, Torsten},
 title = {Slim Fly: A Cost Effective Low-diameter Network Topology},
 booktitle = {Proceedings of the International Conference for High Performance Computing, Networking, Storage and Analysis},
 series = {SC '14},
 year = {2014},
 isbn = {978-1-4799-5500-8},
 location = {New Orleans, Louisana},
 pages = {348--359},
 numpages = {12},
 url = {http://dx.doi.org/10.1109/SC.2014.34},
 doi = {10.1109/SC.2014.34},
 acmid = {2683632},
 publisher = {IEEE Press},
 address = {Piscataway, NJ, USA},
 }

 @inproceedings{costeffective2,
 author = {Kathareios, Georgios and Minkenberg, Cyriel and et al.},
 title = {Cost-effective Diameter-two Topologies: Analysis and Evaluation},
 booktitle = {Proceedings of the International Conference for High Performance Computing, Networking, Storage and Analysis},
 series = {SC '15},
 year = {2015},
 isbn = {978-1-4503-3723-6},
 location = {Austin, Texas},
 pages = {36:1--36:11}
}

@inproceedings{On-the-Fly,
 author={Garcia, M and Vallejo, E and et al.},
 booktitle={Proceedings of International Conference on Parallel Processing (ICPP)},
 title={On-the-Fly Adaptive Routing in High-Radix Hierarchical Networks},
 year={2012},
 pages={279-288},
 ISSN={0190-3918},
 month={Sept},}

 @inproceedings{OFAR-CM,
author = {Garcia, M and Vallejo, E and et al.},
booktitle = {Proceedings of  Symposium on High-Performance Interconnects (HOTI)},
issn = {1550-4794},
pages = {55--62},
title = {{OFAR-CM: Efficient Dragonfly Networks with Simple Congestion Management}},
year = {2013}
}

@inproceedings{Rlmolm,
author = {Garcia, M and Vallejo, E and et al.},
isbn = {978-0-7695-5117-3},
booktitle = {Proceedings of International Conference on Parallel Processing (ICPP)},
month = oct,
pages = {582--592},
publisher = {Ieee},
title = {{Efficient Routing Mechanisms for Dragonfly Networks}},
year = {2013}
}

@inproceedings{indirect,
 author = {Jiang, Nan and Kim, John and Dally, William J.},
 title = {Indirect Adaptive Routing on Large Scale Interconnection Networks},
 booktitle = {Proceedings of the 36th Annual International Symposium on Computer Architecture},
 series = {ISCA '09},
 year = {2009},
 isbn = {978-1-60558-526-0},
 location = {Austin, TX, USA},
 pages = {220--231},
 numpages = {12},
 acmid = {1555783},
 publisher = {ACM},
 address = {New York, NY, USA},
 keywords = {dragonfly, interconnection networks, routing},
}

@INPROCEEDINGS{cbcm,
author = {G. Kim and C. Kim and J. Jeong and M. Parker and J. Kim},
booktitle = {2016 49th Annual IEEE/ACM International Symposium on Microarchitecture (MICRO)},
title = {Contention-based congestion management in large-scale networks},
year = {2016},
volume = {00},
number = {},
pages = {1-13},
keywords={},
doi = {10.1109/MICRO.2016.7783733},
url = {doi.ieeecomputersociety.org/10.1109/MICRO.2016.7783733},
ISSN = {},
month={Oct.}
}

@article{ofc,
author = {Won, Jongmin and Kim, Gusub and Kim, John and Jiang, Ted and Parker, Mike and Scott, Steve},
year = {2015},
month = {03},
pages = {415-427},
title = {Overcoming far-end congestion in large-scale networks},
booktitle = {2015 IEEE 21st International Symposium on High Performance Computer Architecture, HPCA 2015}
}

@inproceedings{ecn1,
 author = {Ferrer, Joan-LLuis and Baydal, Elvira and Robles, Antonio and Lopez, Pedro and Duato, Jose},
 title = {Congestion Management in MINs Through Marked and Validated Packets},
 booktitle = {Proceedings of the 15th Euromicro International Conference on Parallel, Distributed and Network-Based Processing},
 series = {PDP '07},
 year = {2007},
 isbn = {0-7695-2784-1},
 pages = {254--261},
 numpages = {8},
 url = {https://doi.org/10.1109/PDP.2007.32},
 doi = {10.1109/PDP.2007.32},
 acmid = {1263637},
 publisher = {IEEE Computer Society},
 address = {Washington, DC, USA},
}

@INPROCEEDINGS{ecn2,
author={J. R. Santos and Y. Turner and G. Janakiraman},
booktitle={IEEE INFOCOM 2003. Twenty-second Annual Joint Conference of the IEEE Computer and Communications Societies (IEEE Cat. No.03CH37428)},
title={End-to-end congestion control for infiniband},
year={2003},
volume={2},
number={},
pages={1123-1133 vol.2},
keywords={local area networks;packet switching;telecommunication congestion control;classic fairness convergence requirement;congestion spreading avoidance;dynamic traffic scenarios;end-to-end congestion control scheme;flow starvation prevention;infiniband system area networks;link-level flow control;packet marking asynchronous behavior;source response functions;static traffic scenarios;switch-based ECN packet marking mechanism;Bandwidth;Communication system traffic control;Control systems;Delay;Laboratories;Milling machines;Packet switching;Switches;Telecommunication traffic;Throughput},
doi={10.1109/INFCOM.2003.1208949},
ISSN={0743-166X},
month={March},}

@INPROCEEDINGS{ecn3,
author={E. G. Gran and M. Eimot and S. A. Reinemo and T. Skeie and O. Lysne and L. P. Huse and G. Shainer},
booktitle={2010 IEEE International Symposium on Parallel Distributed Processing (IPDPS)},
title={First experiences with congestion control in InfiniBand hardware},
year={2010},
volume={},
number={},
pages={1-12},
keywords={multistage interconnection networks;telecommunication congestion control;telecommunication traffic;HPC Challenge benchmark;InfiniBand CC mechanism;InfiniBand hardware;congestion tree;lossless interconnection networks congestion control;network resources;Communication system traffic control;Degradation;Delay;Hardware;Multiprocessor interconnection networks;Packet switching;Sun;Switches;Telecommunication traffic;Testing},
doi={10.1109/IPDPS.2010.5470419},
ISSN={1530-2075},
month={April},}

@INPROCEEDINGS{crp,
author = {G. Michelogiannakis and N. Jiang and D. Becker and W. J. Dally},
booktitle = {2013 SC - International Conference for High Performance Computing, Networking, Storage and Analysis(SC)},
title = {Channel reservation protocol for over-subscribed channels and destinations},
year = {2013},
volume = {00},
number = {},
pages = {1-12},
keywords={reservation protocol;Congestion control;congestion notification;large-scale networks;tree saturation},
doi = {10.1145/2503210.2503213},
url = {doi.ieeecomputersociety.org/10.1145/2503210.2503213},
ISSN = {2167-4337},
month={Nov.}
}

@INPROCEEDINGS{srp,
author={N. Jiang and D. U. Becker and G. Michelogiannakis and W. J. Dally},
booktitle={IEEE International Symposium on High-Performance Comp Architecture},
title={Network congestion avoidance through Speculative Reservation},
year={2012},
volume={},
number={},
pages={1-12},
keywords={computer network management;computer network performance evaluation;protocols;telecommunication congestion control;telecommunication traffic;bursty network traffic;computer network performance;congestion management;endpoint reservation scheme;explicit congestion notification;hot-spot traffic;network congestion avoidance;network congestion control mechanism;network throughput;packet marking;rate throttling;speculative packet transmission;speculative reservation protocol;Bandwidth;Delay;Out of order;Protocols;Schedules;Throughput;Transient analysis},
doi={10.1109/HPCA.2012.6169047},
ISSN={1530-0897},
month={Feb},}

@inproceedings{lhrp,
 author = {Jiang, Nan and Dennison, Larry and Dally, William J.},
 title = {Network Endpoint Congestion Control for Fine-grained Communication},
 booktitle = {Proceedings of the International Conference for High Performance Computing, Networking, Storage and Analysis},
 series = {SC '15},
 year = {2015},
 isbn = {978-1-4503-3723-6},
 location = {Austin, Texas},
 pages = {35:1--35:12},
 articleno = {35},
 numpages = {12},
 url = {http://doi.acm.org/10.1145/2807591.2807600},
 doi = {10.1145/2807591.2807600},
 acmid = {2807600},
 publisher = {ACM},
 address = {New York, NY, USA},
}

@article{Y2017Providing,
  title={Providing differentiated services, congestion management, and deadlock freedom in dragonfly networks with adaptive routing},
  author={Yébenes, Pedro and Escudero-Sahuquillo, Jesus and García, Pedro J. and Alfaro-Cortés, Francisco J. and Quiles, Francisco J.},
  journal={Concurrency \& Computation Practice \& Experience},
  volume={29},
  number={13},
  year={2017},
}

@inproceedings{Y2017An,
  title={An Effective Queuing Scheme to Provide Slim Fly Topologies with HoL Blocking Reduction and Deadlock Freedom for Minimal-Path Routing},
  author={Yébenes, Pedro and Escudero-Sahuquillo, Jesus and García, Pedro J. and Quiles, Francisco J. and Hoefler, Torsten},
  booktitle={IEEE  International Workshop on High-Performance Interconnection Networks in the Exascale and Big-Data Era},
  pages={25-32},
  year={2017},
}

@article{Y2018Head,
  title={Head‐of‐line blocking avoidance in Slim Fly networks using deadlock‐free non‐minimal and adaptive routing},
  author={Yébenes, Pedro and Escudero-Sahuquillo, Jesus and García, Pedro J. and Quiles, Francisco J. and Hoefler, Torsten},
  journal={Concurrency \& Computation Practice \& Experience},
  year={2018},
}


@phdthesis{johnkim,
 author = {Kim, John},
 school = {Stanford University},
 advisor = {Dally, William J.},
 title = {High-radix Interconnection Networks},
 year = {2008},
 isbn = {978-0-549-49006-7},
 note = {AAI3302840},
 publisher = {Stanford University},
 address = {Stanford, CA, USA},
}

@inproceedings{yarc,
 author = {Kim, John and Dally, William J. and Towles, Brian and Gupta, Amit K.},
 title = {Microarchitecture of a High-Radix Router},
 booktitle = {Proceedings of the 32Nd Annual International Symposium on Computer Architecture},
 series = {ISCA '05},
 year = {2005},
 isbn = {0-7695-2270-X},
 pages = {420--431},
 numpages = {12},
 url = {https://doi.org/10.1109/ISCA.2005.35},
 doi = {10.1109/ISCA.2005.35},
 acmid = {1070005},
 publisher = {IEEE Computer Society},
 address = {Washington, DC, USA},
}

@article{blackwindow,
author = {Steve Scott and Dennis Abts and John Kim and William J. Dally},
title = {The BlackWidow High-Radix Clos Network},
journal ={2014 ACM/IEEE 41st International Symposium on Computer Architecture (ISCA)},
volume = {0},
issn = {1063-6897},
year = {2006},
pages = {16-28},
doi = {http://doi.ieeecomputersociety.org/10.1109/ISCA.2006.40},
publisher = {IEEE Computer Society},
address = {Los Alamitos, CA, USA},
}

@inproceedings{omni,
	Author = {Mark,S. Birrittella and Mark, Debbage and et al.},
	Booktitle = {Proceedings of Symposium on High-Performance Interconnects },
	pages={402-414},
	Title = {Intel Omni-path Architecture: Enabling Scalable, High Performance Fabrics},
    Year = {2015}}

    @article{roleoptics,
	Author = {Binkert, Nathan and Davis, Al and et al.},
	Journal = {ACM Sigarch Computer Architecture News},
	Keywords = {high-radix, photonics, router, switch},
	Month = Jun,
	Number = {3},
	Numpages = {12},
	Pages = {437--448},
	Title = {The Role of Optics in Future High Radix Switch Design},
	Volume = {39},
	Year = {2011}}




@inproceedings{scoc,
	Author = {Nikolaos Chrysos and Cyriel Minkenberg and et al.},
	Booktitle = {Proceedings of High-Performance Computer Architecture },
	Date-Added = {2015-12-18 20:23:04 +0000},
	Date-Modified = {2015-12-18 20:23:04 +0000},
    pages={402-414},
	Title = {SCOC: High-Radix Switches Made of Bufferless Clos Networks},
    Year = {2015}}

@inproceedings{hirise,
  title={Hi-Rise: A High-Radix Switch for 3D Integration with Single-Cycle Arbitration},
  author={Jeloka, Supreet and Das, Reetuparna and et al.},
  booktitle={Proceedings of IEEE Computer Society Technical Committee on Microprogramming and Microarchitecture },
  pages={471-483},
  year={2014},
}

@inproceedings{swizzle,
author = {Sudhir Satpathy and Korey Sewell and et al.},
title = {{A 4.5Tb/s 3.4Tb/s/W 64$\times$64 switch fabric with self-updating least-recently-granted priority and quality-of-service arbitration in 45nm CMOS}},
booktitle = {Proceedings of International Solid-State Circuits Conference },
year = {2012},
pages = {478--480},
}

@misc{avagotech,
howpublished = {\url{http://www.avagotech.com/optical\_fpga\#}},
}

@Misc{quantum,
howpublished = {\url{http://www.mellanox.com/page/products_dyn?product_family=264&mtag=quantum}},
title = {Mellanox Quantum$^{TM}$},
note={2017},
authot={Mellanox}
}

@INPROCEEDINGS{BOA,
 author={Katharine Schmidtke and Frank Flens and Daniel Mahgarefteh},
 booktitle={Proceedings of Optical Fiber Communications Conference and Exhibition (OFC)},
 title={Taking optics to the chip: From board-mounted optical assemblies to chip-level optical interconnects},
 year={2014},
 pages={1-3}}

 @ARTICLE{MCF,
author={Kunimasa Saitoh and Shoichiro Matsuo},
journal={Journal of Lightwave Technology},
title={Multicore Fiber Technology},
year={2016},
volume={34},
number={1},
pages={55-66},
}

@inproceedings{ipsc2,
 author = {Intel, CORPORATE},
 title = {The Intel iPSC/2 System: The Concurrent Supercomputer for Production Applications},
 booktitle = {Proceedings of the Third Conference on Hypercube Concurrent Computers and Applications: Architecture, Software, Computer Systems, and General Issues - Volume 1},
 series = {C3P},
 year = {1988},
 isbn = {0-89791-278-0},
 location = {Pasadena, California, USA},
 pages = {843--846},
 numpages = {4},
 url = {http://doi.acm.org/10.1145/62297.62412},
 doi = {10.1145/62297.62412},
 acmid = {62412},
 publisher = {ACM},
 address = {New York, NY, USA},
}
@inproceedings{ncube,
 author = {Wiesen, Bernd},
 title = {Scalable Hardware and Scalable Software: The nCUBE System},
 booktitle = {Proceedings of the Fifth Annual ACM Symposium on Parallel Algorithms and Architectures},
 series = {SPAA '93},
 year = {1993},
 isbn = {0-89791-599-2},
 location = {Velen, Germany},
 pages = {240--},
 url = {http://doi.acm.org/10.1145/165231.165262},
 doi = {10.1145/165231.165262},
 acmid = {165262},
 publisher = {ACM},
 address = {New York, NY, USA},
}

@INPROCEEDINGS{sgi2000,
author={J. Laudon and D. Lenoski},
booktitle={Proceedings IEEE COMPCON 97. Digest of Papers},
title={System overview of the SGI Origin 200/2000 product line},
year={1997},
volume={},
number={},
pages={150-156},
keywords={cache storage;computer evaluation;multiprocessing systems;multiprocessor interconnection networks;reconfigurable architectures;4 GB;R10000 processors;SGI Origin 200/2000;Silicon Graphics Inc.;bandwidth;cache-coherent nonuniform memory access multiprocessor;ccNUMA multiprocessor;coherent memory;cost;implementation;interconnected nodes;latency;processor number;scalable Craylink network;scalable XIO I/O subsystem;system architecture;Bandwidth;Coherence;Costs;Delay;Graphics;Manufacturing;Microprocessors;Power system modeling;Silicon;Workstations},
doi={10.1109/CMPCON.1997.584688},
ISSN={1063-6390},
month={Feb},}

@article{Jupiter,
address = {New York, NY, USA},
author = {Singh, Arjun and Ong, Joon and et al.},
journal = {Communications of the ACM},
number = {9},
pages = {88--97},
publisher = {ACM},
title = {{Jupiter Rising: A Decade of Clos Topologies and Centralized Control in Google's Datacenter Network}},
volume = {59},
year = {2016}
}

@inproceedings{FireFly,
	Author = {Hamedazimi, Navid and Qazi, Zafar and et al.},
	Booktitle = {Proceedings of International Conference on the applications, technologies, architectures, and protocols for computer communication },
	Numpages = {12},
	Pages = {319--330},
	Title = {FireFly: A Reconfigurable Wireless Data Center Fabric Using Free-space Optics},
	Year = {2014}}

@inproceedings{fso,
	Author = {Ikki, Fujiwara and Michihiro, Koibuchi and et al.},
	Booktitle = {Proceedings of High-Performance Computer Architecture },
    pages={390 - 401},
	Title = {Augmenting Low-latency HPC Network with Free-space Optical Links},
    Year = {2015}}

@inproceedings{bcube,
	Author = {Guo, Chuanxiong and Lu, Guohan and et al.},
	Booktitle = {Proceedings of International Conference on the applications, technologies, architectures, and protocols for computer communication },
	Pages = {63--74},
	Title = {BCube: A High Performance, Server-centric Network Architecture for Modular Data Centers},
	Year = {2009}}

@article{dcell,
	Author = {Guo, Chuanxiong and Wu, Haitao and et al.},
	Journal = {ACM SIGCOMM Computer Communication Review},
	Keywords = {data center, fault-tolerance, network topology, throughput},
	Month = Aug,
	Number = {4},
	Numpages = {12},
	Pages = {75--86},
	Title = {Dcell: A Scalable and Fault-tolerant Network Structure for Data Centers},
	Volume = {38},
	Year = {2008}}

@inproceedings{xpander,
address = {New York, NY, USA},
author = {Valadarsky, Asaf and Shahaf, Gal and et al.},
booktitle = {International on Conference on Emerging Networking EXperiments and Technologies },
keywords = {datacenter networks,expander graphs,network topologies},
pages = {205--219},
publisher = {ACM},
series = {CoNEXT '16},
title = {{Xpander: Towards Optimal-Performance Datacenters}},
year = {2016}
}

@INPROCEEDINGS{Dragonfly+,
 author={ Alexander Shpiner and Zachy Haramaty and et al.},
 booktitle={Proceedings of International Workshop on High-Performance Interconnection Networks in the Exascale and Big-Data Era (HiPINEB)},
 title={Dragonfly+: Low Cost Topology for Scaling Datacenters},
 year={2017},
 pages={1-8},
 }

@Misc{fuad,
howpublished = {\url{http://www.hoti.org/hoti20/program/}},
title = {Power-Efficient, High-Bandwidth Optical Interconnects for High Performance Computing},
author = {Fuad Doany},
year={2012}
}

@Misc{furukawa2012,
howpublished = {\url{http://www.furukawa.co.jp/english/museum/floor3/05/a05.htm}},
title = {Multicore optical fiber technology},
year={2012},
author={Furukawa}
}



@Misc{ofsoptics,
howpublished = {\url{http://www.ofsoptics.com/multicore.html}},
title = {Multicore Optical Fiber},
year={2018},
author={OFS}
}

@Misc{fibercore,
howpublished = {\url{https://www.fibercore.com/product-category/multicore}},
title = {Multicore},
year={2018},
author={FIBERCORE}
}


@Misc{i-fiberoptics,
howpublished = {\url{http://www.i-fiberoptics.com/multi-core-fiber-cable.php}},
title = {Asahi Jacketed Multi-Core Fiber Cable},
year={2017},
author={Asahi Jacketed} }

@Misc{optics,
howpublished = {\url{http://optics.org/news/6/3/47}},
title = {8-strand multi-core fiber will boost optical interconnects},
year={2015},
author={Matthew Peach}
}

@Misc{aflglobal,
howpublished = {\url{https://www.aflglobal.com/Products/Fusion-Splicing/Specialty-Fiber-Optic-Components-and-Services/Multicore-Fiber-Fanouts.aspx}},
title = {Multicore Fiber Fanouts},
year={2017},
author={AFL}
}

@article{design32,
author = {Xie, Xueqin and tu, Jiajing and Zhou, Xian and Long, Keping and Saitoh, Kunimasa},
year = {2017},
month = {03},
pages = {5119},
title = {Design and optimization of 32-core rod/trench assisted square-lattice structured single-mode multi-core fiber},
volume = {25},
booktitle = {Optics Express}
}

@INPROCEEDINGS{Congestiondragonfly,
 author={Abhinav Bhatele and Nikhil Jain and et al.},
 booktitle={Proceedings of International Parallel and Distributed Processing Symposium (IPDPS)},
 title={Analyzing Network Health and Congestion in Dragonfly-Based Supercomputers},
 year={2016},
 pages={93-102},
 }

 @article{Hamming,
 author = {Camarero, Crist\'{o}bal and Vallejo, Enrique and Beivide, Ram\'{o}n},
 title = {Topological Characterization of Hamming and Dragonfly Networks and Its Implications on Routing},
 journal = {ACM Transactions on Architecture and Code Optimization},
 volume = {11},
 number = {4},
 year = {2014},
 pages = {39:1--39:25},
}

 @INPROCEEDINGS{Linkarrangements,
 author={ Emily Hastings and David Rincon-Cruz and et al.},
 booktitle={Proceedings of International Conference on Cluster Computing (Cluster)},
 title={Comparing Global Link Arrangements for Dragonfly Networks},
 year={2015},
 pages={361-370},
 }

@ARTICLE{Miller05mooregraphs,
    author = {Mirka Miller and Jozef Siran},
    title = {Moore graphs and beyond: A survey of the degree/diameter problem},
    journal = {Electronic Journal of Combinatorics},
    year = {2005},
    volume = {14},
}

@article{LGGDD3,
title = "Large Graphs with Given Degree and Diameter III",
journal = "North-Holland Mathematics Studies",
volume = "62",
pages = "23 - 31",
year = "1982",
author = "J.C. Bermond and C. Delorme and G. Farhi",

}

@article{GRMMS,
  title={Geometric Realisation of the Graphs of McKay\- Miller\- Siran},
  author={Hafner, Paul R.},
  journal={Journal of Combinatorial Theory},
  volume={90},
  number={2},
  pages={223-232},
  year={2004},
}

@inproceedings{MSP,
author = {Mizuno, Ryosuke and Ishida, Yawara},
booktitle={Proceedings of International Symposium on  Networks-on-Chip (NOCS)},
year = {2016},
title = {Constructing Large-scale Low-latency Network from Small Optimal Networks}
}

@inproceedings{Galaxyfly,
 author = {Lei, Fei and Dong, Dezun and Liao, Xiangke and Su, Xing and Li, Cunlu},
 title = {Galaxyfly: A Novel Family of Flexible-Radix Low-Diameter Topologies for Large-Scales Interconnection Networks},
 booktitle = {Proceedings of International Conference on Supercomputing (ICS)},
 year = {2016},
 pages = {24:1--24:12},
}

@inproceedings{Flattenedbutterfly,
	Author = {Kim, John and Dally, William J. and Abts, Dennis},
	Booktitle = {Proceedings of International Symposium on Computer Architecture (ISCA)},
	Pages = {126--137},
	Title = {Flattened Butterfly: A Cost-efficient Topology for High-radix Networks},
	Year = {2007}}

@inproceedings{Energy,
	Author = {Abts, Dennis and Marty, Michael R. and et al.},
	Booktitle = {Proceedings of International Symposium on Computer Architecture },
	Pages = {338--347},
	Title = {Energy Proportional Datacenter Networks},
	Year = {2010}}

@article{MMS,
title = "A Note on Large Graphs of Diameter Two and Given Maximum Degree ",
journal = "Journal of Combinatorial Theory",
volume = "74",
number = "1",
pages = "110 - 118",
year = "1998",
author = "Brendan D McKay and Mirka Miller and Jozef Siran"
}

@ARTICLE{METIS,
    author = {George Karypis and Vipin Kumar},
    title = {A fast and high quality multilevel scheme for partitioning irregular graphs},
    journal = {Siam Journal on Scientific Computing},
    year = {1998},
    volume = {20},
    number = {1},
    pages = {359--392}
}


@inproceedings{Booksim,
	Author = {Nan, Jiang and Daniel, U. Becker and et al.},
	Booktitle = {Proceedings of International Symposium on Performance Analysis of Systems and Software (ISPASS)},
	Pages = {86 - 96},
	Title = {A Detailed and Flexible Cycle-Accurate Network-on-Chip Simulator},
    Year = {2013}}

 @inproceedings{OFAR,
	Author = {Garcia, Marina and Vallejo, Enrique and et al.},
	Booktitle = {Proceedings of International Conference on Parallel Processing (ICPP) },
	Pages = {279--288},
	Title = {On-the-Fly Adaptive Routing in High-Radix Hierarchical Networks},
	Year = {2012}}

@article{turnmodel,
  title={The turn model for adaptive routing},
  author={Glass, Christopher J.},
  journal={Journal of the Acm},
  volume={41},
  number={5},
  pages={874-902},
  year={1994},
}

@article{Prevention,
  title={Prevention of Deadlocks in Packet-Switched Data Transport Systems},
  author={Gunther, K},
  journal={IEEE Transactions on Communications},
  volume={COM-29},
  number={4},
  pages={512-524},
  year={1981},
}

@phdthesis{Singh,
	Author = {Singh, A.},
	Date-Added = {2015-12-18 20:04:21 +0000},
	Date-Modified = {2015-12-18 20:04:21 +0000},
	Title = {Load-Balanced Routing in Interconnection Networks},
	School = {Stanford University},
	Year = {2005}}

@phdthesis{ymy,
	Author = {杨明英},
	Title = {高速互连网络拓扑结构的分析与研究},
	School = {国防科学技术大学},
	Year = {2015}}

@inproceedings{multistage,
  author={T. Hoefler and T. Schneider and A. Lumsdaine},
  title={{Multistage Switches are not Crossbars: Effects of Static Routing in High-Performance Networks}},
  year={2008},
  month={Oct.},
  booktitle={Proceedings of the IEEE International Conference on Cluster Computing },
  location={Tsukuba, Japan},
  publisher={IEEE Computer Society},
}

@article{Duato1995A,
  title={A new theory of deadlock-free adaptive routing in wormhole networks},
  author={Duato, J},
  journal={IEEE Transactions on Parallel \& Distributed Systems},
  volume={4},
  number={12},
  pages={976-987},
  year={1995},
}

@inproceedings{overcomefarend,
author = {Won, Jongmin and Kim, Gwangsun and et al.},
Booktitle = {Proceedings of High-Performance Computer Architecture (HPCA)},
isbn = {978-1-4799-8930-0},
pages = {415--427},
title = {{Overcoming far-end congestion in large-scale networks.}},
year = {2015}
}





@article{tpdsXiangL16,
author = {Xiang, Dong and Liu, Xiaowei},
journal = { IEEE Transactions on Parallel \& Distributed Systems},
number = {9},
pages = {2520--2532},
title = {{Deadlock-Free Broadcast Routing in Dragonfly Networks without Virtual Channels}},
volume = {27},
year = {2016}
}


@inproceedings{patternbased,
author = {{Peyman Faizian} and {Md Shafayat Rahman} and et al.},
issn = {2332-5569},
booktitle = {Proceedings of Symposium on High-Performance Interconnects (HOTI)},
pages = {19--26},
title = {{Traffic Pattern-Based Adaptive Routing for Intra-Group Communication in Dragonfly Networks}},
year = {2016}
}

@inproceedings{Achieving,
author = {Gorgues, M and Xiang, D and et al.},
booktitle = {Proceedings of  International Symposium on Networks-on-Chip (NoCS)},
pages = {25--32},
title = {{Achieving balanced buffer utilization with a proper co-design of flow control and routing algorithm}},
year = {2014}
}

@book{PPIN,
address = {San Francisco, CA, USA},
author = {Dally, William and Towles, Brian},
isbn = {0122007514},
publisher = {Morgan Kaufmann Publishers Inc.},
title = {{Principles and Practices of Interconnection Networks}},
year = {2003}
}

@article{Warnakulasuriya2000A,
  title={A Formal Model of Message Blocking and Deadlock Resolution in Interconnection Networks},
  author={Warnakulasuriya, Sugath and Pinkston, Timothy Mark},
  journal={IEEE Transactions on Parallel \& Distributed Systems},
  volume={11},
  number={3},
  pages={212-229},
  year={2000},
}

@article{Survey,
author = {Flich, Jose and Skeie, Tor and et al.},
journal = {IEEE Transactions on Parallel \& Distributed Systems},
number = {99},
pages = {1},
title = {{A Survey and Evaluation of Topology-Agnostic Deterministic Routing Algorithms}},
volume = {23},
year = {2012}
}

@inproceedings{Yuan,
  title={A new routing scheme for jellyfish and its performance with HPC workloads},
  booktitle={Proceedings of International Conference for High Performance Computing, Networking, Storage and Analysis (SC) },
  author={Yuan, Xin and Mahapatra, Santosh and et al.},
  pages={1-11},
  year={2013},
}

@misc{nextplatform,
howpublished = {\url{http://www.nextplatform.com/}},
}

@inproceedings{Reconfigurable,
 author = {Ghobadi, Monia and Mahajan, Ratul and et al.},
 title = {ProjecToR: Agile Reconfigurable Data Center Interconnect},
 booktitle = {Proceedings of International Conference on the applications, technologies, architectures, and protocols for computer communication },
 series = {SIGCOMM '16},
 year = {2016},
 isbn = {978-1-4503-4193-6},
 location = {Florianopolis, Brazil},
 pages = {216--229},
 numpages = {14},
 publisher = {ACM},
 address = {New York, NY, USA},
 keywords = {Data Centers, Free-Space Optics, Reconfigurability},
}

@INPROCEEDINGS{EQhol,
 author={P. Y$\'{e}$benes and J. Escudero-Sahuquillo and P. J. García and F. J. Quiles and T. Hoefler},
 booktitle={2017 IEEE 3rd International Workshop on High-Performance Interconnection Networks in the Exascale and Big-Data Era (HiPINEB)},
 title={An Effective Queuing Scheme to Provide Slim Fly Topologies with HoL Blocking Reduction and Deadlock Freedom for Minimal-Path Routing},
 year={2017},
 volume={},
 number={},
 pages={25-32},
 keywords={buffer circuits;network routing;parallel processing;queueing theory;HPC system;HoL blocking reduction;SF2LQ;congestion dynamics;deadlock freedom;deadlock-free routing;head-of-line blocking;high network bandwidth;high-performance computing system;input port buffer;minimal-path routing;queuing scheme;slim fly 2-level queuing;slim fly topologies;virtual channels;virtual networks;Algorithm design and analysis;Multiprocessor interconnection;Network topology;Ports (Computers);Routing;System recovery;Topology;Congestion Management;Deadlock Freedom;High-Performance Interconnection Networks;HoL Blocking;Slim Fly Topology},
 doi={10.1109/HiPINEB.2017.9},
 ISSN={},
 month={Feb},}

 @inproceedings{Gliksberg2018Node,
  title={Node-Type-Based Load-Balancing Routing for Parallel Generalized Fat-Trees},
  author={Gliksberg, John and Quintin, Jean Noel and Garcia, Pedro Javier},
  booktitle={IEEE  International Workshop on High-Performance Interconnection Networks in the Exascale and Big-Data Era},
  pages={9-15},
  year={2018},
}

@inproceedings{Mubarak2017Quantifying,
  title={Quantifying I/O and Communication Traffic Interference on Dragonfly Networks Equipped with Burst Buffers},
  author={Mubarak, Misbah and Carns, Philip and Jenkins, Jonathan and Li, Jianping Kelvin and Jain, Nikhil and Snyder, Shane and Ross, Robert and Carothers, Christopher D. and Bhatele, Abhinav and Ma, Kwan Liu},
  booktitle={IEEE International Conference on CLUSTER Computing},
  pages={204-215},
  year={2017},
}

@inproceedings{smallworld,
 author = {Shin, Ji-Yong and Wong, Bernard and Sirer, Emin G\"{u}n},
 title = {Small-world Datacenters},
 booktitle = {Proceedings of the 2Nd ACM Symposium on Cloud Computing},
 series = {SOCC '11},
 year = {2011},
 isbn = {978-1-4503-0976-9},
 location = {Cascais, Portugal},
 pages = {2:1--2:13},
 articleno = {2},
 numpages = {13},
 url = {http://doi.acm.org/10.1145/2038916.2038918},
 doi = {10.1145/2038916.2038918},
 acmid = {2038918},
 publisher = {ACM},
 address = {New York, NY, USA},
 keywords = {datacenter network, network topology, small-world network},
}

@INPROCEEDINGS{holbara,
author={R. P. Cebrian and C. G. Requena and M. E. G. Requena and P. L. Rodríguez and J. D. Marín},
booktitle={2014 IEEE Intl Conf on High Performance Computing and Communications, 2014 IEEE 6th Intl Symp on Cyberspace Safety and Security, 2014 IEEE 11th Intl Conf on Embedded Software and Syst (HPCC,CSS,ICESS)},
title={HoL-Blocking Avoidance Routing Algorithms in Direct Topologies},
year={2014},
volume={},
number={},
pages={11-18},
month={Aug},}

@ARTICLE{DBBM,
author={T. Nachiondo and J. Flich and J. Duato},
journal={IEEE Transactions on Parallel and Distributed Systems},
title={Buffer Management Strategies to Reduce HoL Blocking},
year={2010},
volume={21},
number={6},
pages={739-753},
keywords={computer network management;quality of service;storage management;telecommunication congestion control;HoL blocking;congestion management;destination-based buffer management;quality of service;virtual output queues;Costs;Energy consumption;Energy management;Logic;Multiprocessor interconnection networks;Quality of service;Resource management;Scalability;Switches;Throughput;Communication/networking and information technology;computer systems organization.;distributed systems;network architecture and design;network operating systems},
doi={10.1109/TPDS.2009.63},
ISSN={1045-9219},
month={June},}

@InProceedings{bbq,
author="Yebenes Segura, Pedro
and Escudero-Sahuquillo, Jesus
and Gomez Requena, Crispin
and Garcia, Pedro Javier
and Quiles, Francisco J.
and Duato, Jose",
editor="Wolf, Felix
and Mohr, Bernd
and an Mey, Dieter",
title="BBQ: A Straightforward Queuing Scheme to Reduce HoL-Blocking in High-Performance Hybrid Networks",
booktitle="Euro-Par 2013 Parallel Processing",
year="2013",
publisher="Springer Berlin Heidelberg",
address="Berlin, Heidelberg",
pages="699--712",
}

@INPROCEEDINGS{iodet,
author={R. Peñaranda and C. Gómez and M. E. Gómez and P. López and J. Duato},
booktitle={2012 IEEE 18th International Conference on Parallel and Distributed Systems},
title={IODET: A HoL-blocking-aware Deterministic Routing Algorithm for Direct Topologies},
year={2012},
volume={},
number={},
pages={702-703},
keywords={LAN interconnection;computer network performance evaluation;telecommunication network routing;telecommunication network topology;HoL-blocking-aware deterministic routing algorithm;IODET;adaptive routing;direct topologies;implementation complexity reduction;interconnection network;large parallel computers;maximum possible performance;Adaptive systems;Algorithm design and analysis;Multiprocessor interconnection;Network topology;Routing;Switches;Topology;HoL Blocking;routing algorithm;topology},
doi={10.1109/ICPADS.2012.103},
ISSN={1521-9097},
month={Dec},}

@INPROCEEDINGS{holbsf,
author={P. Yébenes and J. Escudero-Sahuquillo and P. J. García and F. J. Quiles and T. Hoefler},
booktitle={2017 IEEE 3rd International Workshop on High-Performance Interconnection Networks in the Exascale and Big-Data Era (HiPINEB)},
title={An Effective Queuing Scheme to Provide Slim Fly Topologies with HoL Blocking Reduction and Deadlock Freedom for Minimal-Path Routing},
year={2017},
volume={},
number={},
pages={25-32},
month={Feb},}

@Article{holbdf,
author="Y{\'e}benes, Pedro
and Escudero-Sahuquillo, Jesus
and Garc{\'i}a, Pedro J.
and Quiles, Francisco J.",
title="Straightforward solutions to reduce HoL blocking in different Dragonfly fully-connected interconnection patterns",
journal="The Journal of Supercomputing",
year="2016",
month="Dec",
volume="72",
number="12",
pages="4497--4519"
}

@INPROCEEDINGS{flexvc,
author={P. Fuentes and E. Vallejo and R. Beivide and C. Minkenberg and M. Valero},
booktitle={2017 IEEE International Parallel and Distributed Processing Symposium (IPDPS)},
title={FlexVC: Flexible Virtual Channel Management in Low-Diameter Networks},
year={2017},
volume={},
number={},
pages={842-854},
month={May},}

@inproceedings{smsrp,
 author = {Jiang, Nan and Dennison, Larry and Dally, William J.},
 title = {Network Endpoint Congestion Control for Fine-grained Communication},
 booktitle = {Proceedings of the International Conference for High Performance Computing, Networking, Storage and Analysis},
 series = {SC '15},
 year = {2015},
 isbn = {978-1-4503-3723-6},
 location = {Austin, Texas},
 pages = {35:1--35:12},
 articleno = {35},
 numpages = {12},
 publisher = {ACM},
 address = {New York, NY, USA},
}
